<?xml version="1.0" encoding="utf-8"?>
<record xmlns="http://www.loc.gov/MARC21/slim" xmlns:xsi="http://www.w3.org/2001/XMLSchema-instance" xsi:schemaLocation="http://www.loc.gov/MARC21/slim http://www.loc.gov/standards/marcxml/schema/MARC21slim.xsd">
	<leader>     nam a22        4500</leader>
	<controlfield tag="001">861535</controlfield>
	<controlfield tag="003">NNC</controlfield>
	<controlfield tag="006">m        d        </controlfield>
	<controlfield tag="007">cr cn |||m|||a</controlfield>
	<controlfield tag="008">180126m19481967sy      o     000 0 ara  </controlfield>
	<datafield ind1=" " ind2=" " tag="040">
		<subfield code="a">NNU</subfield>
		<subfield code="b">eng</subfield>
		<subfield code="e">rda</subfield>
		<subfield code="c">NNU</subfield>
	</datafield>
	<datafield ind1="0" ind2="4" tag="050">
		<subfield code="a">B434</subfield>
		<subfield code="b">.A941</subfield>
	</datafield>
	<datafield ind1="0" ind2=" " tag="100">
		<subfield code="a">Averroës,</subfield>
		<subfield code="d">1126-1198.</subfield>
	</datafield>
	<datafield ind1="1" ind2="0" tag="240">
		<subfield code="6">880-01</subfield>
		<subfield code="a">Tafsīr mā baʻda al-ṭabīʻah.</subfield>
	</datafield>
	<datafield ind1="1" ind2="0" tag="245">
		<subfield code="a">Tafsir Ma ba'd at-tabi'at /</subfield>
		<subfield code="c">[par] Averroès. Texte arabe inédit, établi par Maurice Bouyges.</subfield>
	</datafield>
	<datafield ind1="3" ind2="1" tag="246">
		<subfield code="a">Grand commentaire de la Métaphysique</subfield>
	</datafield>
	<datafield ind1=" " ind2="1" tag="264">
		<subfield code="a">Beyrouth :</subfield>
		<subfield code="b">Dar el-Machreq Éditeurs (Imprimerie Catholique),</subfield>
		<subfield code="c">1948-67.</subfield>
	</datafield>
	<datafield ind1=" " ind2=" " tag="300">
		<subfield code="a">online resource (3 volumes in 4)</subfield>
	</datafield>
	<datafield ind1=" " ind2=" " tag="336">
		<subfield code="a">text</subfield>
		<subfield code="2">rdacontent</subfield>
	</datafield>
	<datafield ind1=" " ind2=" " tag="337">
		<subfield code="a">computer</subfield>
		<subfield code="2">rdamedia</subfield>
	</datafield>
	<datafield ind1=" " ind2=" " tag="338">
		<subfield code="a">online resource</subfield>
		<subfield code="2">rdacarrier</subfield>
	</datafield>
	<datafield ind1="1" ind2=" " tag="490">
		<subfield code="a">Bibliotheca Arabica scholasticorum., Série arabe. ;</subfield>
		<subfield code="v">tome V 1,2, VI, VII</subfield>
	</datafield>
	<datafield ind1=" " ind2=" " tag="500">
		<subfield code="a">Cover title, v. 1-2: Averroès: Tafsīr Ma ba'd aṭ-ṭabī'at (Grand commentaire de la Métaphysique) [Title in Arabic].</subfield>
	</datafield>
	<datafield ind1=" " ind2=" " tag="500">
		<subfield code="a">A commentary on Aristotle's Metaphysics.</subfield>
	</datafield>
	<datafield ind1=" " ind2=" " tag="500">
		<subfield code="a">Part of the Arabic Collections Online (ACO) project, contributed by Columbia University Libraries.</subfield>
	</datafield>
	<datafield ind1="0" ind2=" " tag="505">
		<subfield code="a">[vol. non numéroté] Notice. 1952. v. 1. Livres petit alif, grand alif ba' gim. 2. éd. 1967. v. 2. Livres dal, he zay, hha', tta' 2. éd. 1967. v. 3. Livres ya' et lam, et index alphabétiques des 3 volumes. 1948.</subfield>
	</datafield>
	<datafield ind1=" " ind2=" " tag="533">
		<subfield code="a">Electronic reproduction.</subfield>
		<subfield code="b">New York, N.Y. :</subfield>
		<subfield code="c">New York University,</subfield>
		<subfield code="d">2018.</subfield>
		<subfield code="5">NNU</subfield>
	</datafield>
	<datafield ind1="0" ind2="0" tag="600">
		<subfield code="a">Aristotle.</subfield>
		<subfield code="t">Metaphysics.</subfield>
	</datafield>
	<datafield ind1="0" ind2="7" tag="630">
		<subfield code="a">Metaphysics (Aristotle)</subfield>
		<subfield code="2">fast</subfield>
		<subfield code="0">(OCoLC)fst01357149</subfield>
	</datafield>
	<datafield ind1="1" ind2=" " tag="700">
		<subfield code="a">Bouyges, Maurice,</subfield>
		<subfield code="e">editor.</subfield>
	</datafield>
	<datafield ind1="0" ind2=" " tag="700">
		<subfield code="a">Aristotle.</subfield>
		<subfield code="t">Metaphysics.</subfield>
	</datafield>
	<datafield ind1="2" ind2=" " tag="710">
		<subfield code="a">Columbia University.</subfield>
		<subfield code="b">Libraries.</subfield>
	</datafield>
	<datafield ind1="0" ind2=" " tag="730">
		<subfield code="a">Arabic Collections Online.</subfield>
	</datafield>
	<datafield ind1="0" ind2="8" tag="776">
		<subfield code="i">Online version:</subfield>
		<subfield code="a">Averroës, 1126-1198.</subfield>
		<subfield code="t">Tafsir Ma ba'd at-tabi'at.</subfield>
		<subfield code="d">Beyrouth, Dar el-Machreq, 1948-67</subfield>
		<subfield code="w">(OCoLC)586975468</subfield>
	</datafield>
	<datafield ind1="0" ind2="8" tag="776">
		<subfield code="i">Print version:</subfield>
		<subfield code="a">Averroës, 1126-1198.</subfield>
		<subfield code="t">Tafsir Ma ba'd at-tabi'at</subfield>
		<subfield code="w">(NNC)861535</subfield>
		<subfield code="w">(DLC)ne 68004337 </subfield>
		<subfield code="w">(OCoLC)6706030</subfield>
	</datafield>
	<datafield ind1=" " ind2="0" tag="830">
		<subfield code="a">Bibliotheca Arabica scholasticorum., Série arabe. ;</subfield>
		<subfield code="v">tome V 1,2, VI, VII</subfield>
	</datafield>
	<datafield ind1="4" ind2="0" tag="856">
		<subfield code="u">http://hdl.handle.net/2333.1/80gb5sw0</subfield>
	</datafield>
	<datafield ind1="1" ind2="0" tag="880">
		<subfield code="6">240-01</subfield>
		<subfield code="a">تفسير ما بعد الطبيعة.</subfield>
	</datafield>
	<datafield ind1=" " ind2=" " tag="959">
		<subfield code="a">NNU</subfield>
		<subfield code="b">WEB</subfield>
		<subfield code="c">GENI</subfield>
		<subfield code="t">0</subfield>
		<subfield code="m">Electronic access</subfield>
		<subfield code="s">01</subfield>
	</datafield>
	<datafield ind1=" " ind2=" " tag="999">
		<subfield code="i">NNC_861535</subfield>
		<subfield code="o">(OCoLC)ocm06706030</subfield>
		<subfield code="s">columbia_aco002998:v.3-4</subfield>
		<subfield code="e">(ERROR-880)</subfield>
		<subfield code="s">columbia_aco002998:v.3-4</subfield>
	</datafield>
</record>
